<?xml version="1.0" encoding="UTF-8"?><collection xmlns="http://www.loc.gov/MARC21/slim"><record><leader>00450nam--2200109-i-4500</leader><controlfield tag="001">000012501</controlfield><controlfield tag="002">20161230</controlfield><controlfield tag="005">20161230201029</controlfield><controlfield tag="008">060222s1000------------r-----000-0-eng-d</controlfield><datafield ind1=" " ind2=" " tag="245"><subfield code="a">Decretul nr.471/1971 cu privire la asigurarile de stat. hotarirea nr.1715/1971 a consiliului de ministri pentru stabilirea unor masuri in e xecutarea decretului nr.47/1971 cu privire la asigurarile de stat</subfield></datafield><datafield ind1=" " ind2=" " tag="260"><subfield code="a">Bucuresti, Consiliul De Stat, 1972. 55 P</subfield></datafield><datafield ind1=" " ind2=" " tag="852"><subfield code="a">45555</subfield></datafield></record></collection>